@article{aho1986compilers,
  title={Compilers, principles, techniques},
  author={Aho, Alfred V and Sethi, Ravi and Ullman, Jeffrey D},
  journal={Addison wesley},
  volume={7},
  number={8},
  pages={9},
  year={1986}
}


@book{ASU86,
  title={Compilers: Principles, Techniques and Tools},
  author={AHO,A.V.,AND J.D. Ullman},
  year={1988},
  publisher={Addison-Wesley Publishing Co.,Reading, M.A}
}

@book{AU92,
  title={Foundations of the Computer Science},
  author={AHO, A.V.,AND J.D. Ullman},
  year={1992},
  publisher={Computer Science Press, New York, N.Y}
}

@article{Brau88,
  title={On minimizing finite automata},
  author={Brauer, Wilfried},
  journal={Bulletin of the EATCS},
  volume={35},
  pages={113--116},
  year={1988}
}

@article{Brzo62,
  title={Canonical regular expressions and minimal state graphs for definite events},
  author={Brzozowski, Janusz A},
  journal={Mathematical theory of Automata},
  volume={12},
  number={6},
  pages={529--561},
  year={1962}
}

@inproceedings{Brzo64,
  title={Derivatives of regular expressions},
  author={Brzozowski, Janusz A},
  booktitle={Journal of the ACM},
  year={1964},
  organization={Citeseer}
}

@book{Dijk76,
  title={A discipline of programming},
  author={Dijkstra, Edsger Wybe and Dijkstra, Edsger Wybe and Dijkstra, Edsger Wybe and Informaticien, Etats-Unis and Dijkstra, Edsger Wybe},
  volume={1},
  year={1976},
  publisher={prentice-hall Englewood Cliffs}
}

@book{t-Ei91,
  title={Some Alogrithms to Decide the Equivalence of Recursive Types},
  author={ten Eikelder, Hubertus Maria Martinus},
  year={1991},
  publisher={Eindhoven University of Technology, Department of Mathematics and Computing~…}
}

@article{Grie73,
  title={Describing an algorithm by Hopcroft},
  author={Gries, David},
  journal={Acta Informatica},
  volume={2},
  number={2},
  pages={97--109},
  year={1973},
  publisher={Springer}
}

@book{Hu79,
  title={Introduction to automata theory, languages, and computation},
  author={Hopcroft, John E},
  year={2008},
  publisher={Pearson Education India}
}

@incollection{Hopc71,
  title={An n log n algorithm for minimizing states in a finite automaton},
  author={Hopcroft, John},
  booktitle={Theory of machines and computations},
  pages={189--196},
  year={1971},
  publisher={Elsevier}
}

@article{Huff54,
  title={The synthesis of sequential switching circuits},
  author={Huffman, David A},
  journal={Journal of the franklin Institute},
  volume={257},
  number={3},
  pages={161--190},
  year={1954},
  publisher={Elsevier}
}

@article{Mirk65,
  title={On dual automata},
  author={Mirkin, Boris G},
  journal={Cybernetics and Systems Analysis},
  volume={2},
  number={1},
  pages={6--9},
  year={1966},
  publisher={Springer}
}

@article{Moor56,
  title={Gedanken-experiments on sequential machines},
  author={Moore, Edward F},
  journal={Automata studies},
  volume={34},
  pages={129--153},
  year={1956}
}

@article{Myhi57,
  title={Finite automata and the representation of events},
  author={Myhill, John R},
  year={1957}
}

@article{Nero57,
  title={Linear automaton transformations},
  author={Nerode, Anil},
  journal={Proceedings of the American Mathematical Society},
  volume={9},
  number={4},
  pages={541--544},
  year={1958},
  publisher={JSTOR}
}

@article{RS59,
  title={Finite automata and their decision problems},
  author={Rabin, Michael O and Scott, Dana},
  journal={IBM journal of research and development},
  volume={3},
  number={2},
  pages={114--125},
  year={1959},
  publisher={IBM}
}

@book{vdSn85,
  title={Trace theory and VLSI design},
  author={Van de Snepscheut, Jan LA},
  number={200},
  year={1985},
  publisher={Springer Science \& Business Media}
}

@incollection{vdSn93,
  title={What Is Computing All About?},
  author={Van de Snepscheut, Jan LA},
  booktitle={What Computing Is All About},
  pages={1--9},
  year={1993},
  publisher={Springer}
}

@article{Urba89,
  title={On minimizing finite automata},
  author={Urbanek, Friedrich J.},
  journal={Bulletin of the EATCS},
  volume={39},
  pages={205--206},
  year={1989}
}

@article{Wats93,
  title={A taxonomy of finite automata construction algorithms},
  author={Watson, Bruce William},
  year={1993},
  publisher={Eindhoven University of Technology, Department of Mathematics and Computing~…}
}

@article{Wood87,
  title={Theory of computation},
  author={Wood, Derick and Wood, Derrick},
  year={1987},
  publisher={Harper \& Row New York}
}